<?xml version="1.0" encoding="UTF-8"?><collection xmlns="http://www.loc.gov/MARC21/slim"><record><leader>00364nam--2200133-i-4500</leader><controlfield tag="001">000022209</controlfield><controlfield tag="002">20161230</controlfield><controlfield tag="005">20161230201034</controlfield><controlfield tag="008">060222s1000------------r-----000-0-eng-d</controlfield><datafield ind1=" " ind2=" " tag="100"><subfield code="a">Isbin, H.S</subfield></datafield><datafield ind1=" " ind2=" " tag="245"><subfield code="a">Introductory nuclear reactor theory</subfield></datafield><datafield ind1=" " ind2=" " tag="260"><subfield code="a">New York,Reinhold Publ.,Corp., 1963. Xv+624p</subfield></datafield><datafield ind1=" " ind2=" " tag="490"><subfield code="a">Reinhold Chemical Engineering Series</subfield></datafield><datafield ind1=" " ind2=" " tag="852"><subfield code="a">19444</subfield></datafield></record></collection>